@article{ekert2000,
	Author = {Artur Ekert and Patrick Hayden and Hitoshi Inamori},
	Title = {Basic concepts in quantum computation},
	Year = {2000},
	Jounral = {},
	Month = {January}}

@article{lomo2000,
	Author = {Samuel J. Lomonaco, Jr.},
	Journal = {Proceedings of Synopsia in Applied Mathematics},
	Pages = {161-179},
	Title = {Grover's Quantum Search Algorithm},
	Volume = {58},
	Year = {2000}}

@article{lomo2002,
	Author = {Samuel J. Lomonaco, Jr.},
	Journal = {Proceedings of Synopsia in Applied Mathematics},
	Pages = {161-179},
	Title = {Shor's Quantum Factoring Algorithm},
	Volume = {58},
	Year = {2002}}

@article{miller1976,
	Author = {G. L. Miller},
	Journal = {Journal of Computer and System Sciences},
	Month = {December},
	Pages = {300-317},
	Title = {Riemann's Hypothesis and Tests for Primality},
	Volume = {13},
	Year = {1976}}
	
@article{demoshor,
	Author = {Chao-Yang Lu and Daniel Browne and Jian-Wei Pan},
	Journal = {Physical Review Letters},
	Volume = {99},
	Issue = {25},
	Title = {Demonstration of a Compiled Version of Shor's Quantum Factoring Algorithm Using Photonic Qubits},
	Year = {2007}}
	
@article{expdemo,
	Title = {Experimental Demonstration of a Compiled Version of Shor's Algorithm with Quantum Entanglement},
	Journal = {Physical Review Letters},
	Volume = {99},
	Issue = {25},
	Author = {B. Lanyon and T. Weinhold and N. Langford and M. Barbieri and D. James and A. Gilchrist and A. White},
	Year = {2007}}

@article{cleve1998,
	Author = {R Cleve and A Ekert and C Macciavello and M Mosca},
	Title = {Quantum algorithms revisited},
	Year = {1998},
	Volume = {454},
	Journal = {Proceedings of the Royal Society of London}}
	
@article{deutsch1985,
	Title = {The Church-Turing principle and the universal quantum computer},
	Author = { D Deutsch },
	Year = {1985},
	Journal = {Proceedings of the Royal Society of London}}

@book{stolze2008,
	Author = {J Stolze and D Suter},
	Title = {Quantum Computing}, 
	Publisher = {Wiley-VCH, Weinheim}, 
	Year = {2008}}

@article{feynman1982,
	Author = {Richard Feynman},
	Title = {Simulating Physics with Computers},
	Year = {1982},
	Journal = {International Journal of Theoretical Physics},
	Volume = {21}}
	
@misc{grovergraph,
	url = {http://alumni.imsa.edu/~matth/quant/473/473proj/node10.html},
	Year = {2008},
	Title = {http://alumni.imsa.edu/~matth/quant/473/473proj/node10.html},
	Author = {Matthew Hayward}}
	
@misc{solca2008,
	Year = {2008},
	Author = {Raffaele Solca},
	Title = {http://katzgraber.org/teaching/FS08/files/solca.pdf},
	url = {http://katzgraber.org/teaching/FS08/files/solca.pdf}}